%% This BibTeX bibliography file was created using BibDesk.
%% http://bibdesk.sourceforge.net/


%% Created for Dennis Evangelista at 2012-10-22 09:23:54 -0700 


%% Saved with string encoding Unicode (UTF-8) 



@article{Combes:2009,
	Author = {Combes, Stacey A. and Dudley, Robert},
	Date-Added = {2012-10-22 16:23:33 +0000},
	Date-Modified = {2012-10-22 16:23:33 +0000},
	Journal = {Proc. Nat. Acad. Sci. USA},
	Number = {22},
	Pages = {9105--9108},
	Title = {Turbulence-driven instabilities limit insect flight performance},
	Volume = {106},
	Year = {2009}}

@book{Davidson:2004,
	Author = {Davidson, P A},
	Date-Added = {2012-10-22 16:23:33 +0000},
	Date-Modified = {2012-10-22 16:23:33 +0000},
	Publisher = {Oxford University Press},
	Title = {Turbulence: An introduction for scientists and engineers},
	Year = {2004}}

@book{Tennekes:1972,
	Author = {Tennekes, H. and Lumley, J. L.},
	Date-Added = {2012-10-22 16:23:33 +0000},
	Date-Modified = {2012-10-22 16:23:33 +0000},
	Publisher = {MIT Press},
	Title = {A First Course in Turbulence},
	Year = {1972}}

@article{Ortega:2012x,
	Author = {Ortega, Victor and Wolf, Marta and Sapir, Nir and Kim, Erica},
	Date-Added = {2012-07-09 19:18:52 +0000},
	Date-Modified = {2012-07-09 19:18:52 +0000},
	Title = {Hummingbirds behind cylinders},
	Year = {in preparation}}

@manual{navair:1996,
	Address = {Patuxent, MD},
	Author = {{Naval Air Systems Command}},
	Date-Added = {2012-07-09 19:18:36 +0000},
	Date-Modified = {2012-07-09 19:18:36 +0000},
	Organization = {United States Navy},
	Title = {MIL-F-8785C, Flying Qualities of Piloted Airplanes, rev c},
	Year = {1996}}

@book{Oeksendal:2010,
	Author = {{\O}eksendal, Bernt},
	Date-Added = {2012-03-14 17:35:35 +0000},
	Date-Modified = {2012-03-14 17:36:44 +0000},
	Publisher = {Springer},
	Title = {Stochastic Differential Equations},
	Year = {2010},
	Bdsk-File-1 = {YnBsaXN0MDDUAQIDBAUIJidUJHRvcFgkb2JqZWN0c1gkdmVyc2lvblkkYXJjaGl2ZXLRBgdUcm9vdIABqAkKFRYXGyIjVSRudWxs0wsMDQ4RElpOUy5vYmplY3RzViRjbGFzc1dOUy5rZXlzog8QgASABoAHohMUgAKAA1lhbGlhc0RhdGFccmVsYXRpdmVQYXRo0hgMGRpXTlMuZGF0YU8RAgYAAAAAAgYAAgAADE1hY2ludG9zaCBIRAAAAAAAAAAAAAAAAAAAAMNhm/VIKwAAE+hduBJvZWtzZW5kYWwtMjAxMC5wZGYAAAAAAAAAAAAAAAAAAAAAAAAAAAAAAAAAAAAAAAAAAAAAAAAAAAAAAAAAAAAUD3sOy4Yj5lBERiBDQVJPAAEAAwAACSAAAAAAAAAAAAAAAAAAAAADcGRmAAAQAAgAAMNiDHUAAAARAAgAAMuGhlYAAAABABwT6F24E+hdsBPoXaAT6FouEyhqnwAL34UAAHlrAAIAck1hY2ludG9zaCBIRDpVc2VyczoAZGVubmlzZXZhbmdlbGlzdGE6AERyb3Bib3g6AHR1cmJ1bGVuY2Utc2Vuc2l0aXZpdHk6AHBhcGVyOgByZWZlcmVuY2VzOgBwZGY6AG9la3NlbmRhbC0yMDEwLnBkZgAOACYAEgBvAGUAawBzAGUAbgBkAGEAbAAtADIAMAAxADAALgBwAGQAZgAPABoADABNAGEAYwBpAG4AdABvAHMAaAAgAEgARAASAF5Vc2Vycy9kZW5uaXNldmFuZ2VsaXN0YS9Ecm9wYm94L3R1cmJ1bGVuY2Utc2Vuc2l0aXZpdHkvcGFwZXIvcmVmZXJlbmNlcy9wZGYvb2Vrc2VuZGFsLTIwMTAucGRmABMAAS8AABUAAgAY//8AAIAF0hwdHh9YJGNsYXNzZXNaJGNsYXNzbmFtZaMfICFdTlNNdXRhYmxlRGF0YVZOU0RhdGFYTlNPYmplY3RfEBZwZGYvb2Vrc2VuZGFsLTIwMTAucGRm0hwdJCWiJSFcTlNEaWN0aW9uYXJ5EgABhqBfEA9OU0tleWVkQXJjaGl2ZXIACAARABYAHwAoADIANQA6ADwARQBLAFIAXQBkAGwAbwBxAHMAdQB4AHoAfACGAJMAmACgAqoCrAKxAroCxQLJAtcC3gLnAwADBQMIAxUDGgAAAAAAAAIBAAAAAAAAACgAAAAAAAAAAAAAAAAAAAMs}}

@book{McCormick:1976,
	Author = {McCormick, Barnes W},
	Date-Added = {2012-02-28 22:23:20 +0000},
	Date-Modified = {2012-02-28 22:25:08 +0000},
	Edition = {2nd},
	Publisher = {Wiley},
	Title = {Aerodynamics, Aeronautics and Flight Mechanics},
	Year = {1994}}

@article{Marmarelis:1977,
	Author = {Marmarelis, V. Z.},
	Date-Added = {2011-09-28 18:15:35 +0000},
	Date-Modified = {2011-09-28 18:17:00 +0000},
	Journal = {Biol. Cybernetics},
	Pages = {49--56},
	Title = {A family of quasi-white random signals and its optimal use in biological system identification},
	Volume = {27},
	Year = {1977},
	Bdsk-File-1 = {YnBsaXN0MDDUAQIDBAUIJidUJHRvcFgkb2JqZWN0c1gkdmVyc2lvblkkYXJjaGl2ZXLRBgdUcm9vdIABqAkKFRYXGyIjVSRudWxs0wsMDQ4RElpOUy5vYmplY3RzViRjbGFzc1dOUy5rZXlzog8QgASABoAHohMUgAKAA1lhbGlhc0RhdGFccmVsYXRpdmVQYXRo0hgMGRpXTlMuZGF0YU8RAuQAAAAAAuQAAgAADE1hY2ludG9zaCBIRAAAAAAAAAAAAAAAAAAAAMNhm/VIKwAAE+hduB9BIEZhbWlseSBvZiBRdWFzaS0jMTNFODg5MEQucGRmAAAAAAAAAAAAAAAAAAAAAAAAAAAAAAAAAAAAAAAAAAAT6IkNyzXG3wAAAAAAAAAAAAEAAwAACSAAAAAAAAAAAAAAAAAAAAADcGRmAAAQAAgAAMNiDHUAAAARAAgAAMs2N18AAAABABwT6F24E+hdsBPoXaAT6FouEyhqnwAL34UAAHlrAAIAf01hY2ludG9zaCBIRDpVc2VyczoAZGVubmlzZXZhbmdlbGlzdGE6AERyb3Bib3g6AHR1cmJ1bGVuY2Utc2Vuc2l0aXZpdHk6AHBhcGVyOgByZWZlcmVuY2VzOgBwZGY6AEEgRmFtaWx5IG9mIFF1YXNpLSMxM0U4ODkwRC5wZGYAAA4AsABXAEEAIABGAGEAbQBpAGwAeQAgAG8AZgAgAFEAdQBhAHMAaQAtAHcAaABpAHQAZQAgAHIAYQBuAGQAbwBtACAAcwBpAGcAbgBhAGwAIABhAG4AZAAgAGkAdABzACAAbwBwAHQAaQBtAGEAbAAgAHUAcwBlACAAaQBuACAAYgBpAG8AIABzAHkAcwAgAGkAZABlAG4AdABpAGYAaQBjAGEAdABpAG8AbgAuAHAAZABmAA8AGgAMAE0AYQBjAGkAbgB0AG8AcwBoACAASABEABIAo1VzZXJzL2Rlbm5pc2V2YW5nZWxpc3RhL0Ryb3Bib3gvdHVyYnVsZW5jZS1zZW5zaXRpdml0eS9wYXBlci9yZWZlcmVuY2VzL3BkZi9BIEZhbWlseSBvZiBRdWFzaS13aGl0ZSByYW5kb20gc2lnbmFsIGFuZCBpdHMgb3B0aW1hbCB1c2UgaW4gYmlvIHN5cyBpZGVudGlmaWNhdGlvbi5wZGYAABMAAS8AABUAAgAY//8AAIAF0hwdHh9YJGNsYXNzZXNaJGNsYXNzbmFtZaMfICFdTlNNdXRhYmxlRGF0YVZOU0RhdGFYTlNPYmplY3RfEFtwZGYvQSBGYW1pbHkgb2YgUXVhc2ktd2hpdGUgcmFuZG9tIHNpZ25hbCBhbmQgaXRzIG9wdGltYWwgdXNlIGluIGJpbyBzeXMgaWRlbnRpZmljYXRpb24ucGRm0hwdJCWiJSFcTlNEaWN0aW9uYXJ5EgABhqBfEA9OU0tleWVkQXJjaGl2ZXIACAARABYAHwAoADIANQA6ADwARQBLAFIAXQBkAGwAbwBxAHMAdQB4AHoAfACGAJMAmACgA4gDigOPA5gDowOnA7UDvAPFBCMEKAQrBDgEPQAAAAAAAAIBAAAAAAAAACgAAAAAAAAAAAAAAAAAAARP}}

@article{McCay:2001,
	Author = {McCay, Michael Glenn},
	Date-Added = {2011-09-28 18:15:35 +0000},
	Date-Modified = {2011-09-28 18:17:51 +0000},
	Journal = {Journal of Experimental Biology},
	Pages = {2917--2826},
	Title = {Aerodynamic stability and maneuverability of the gliding frog \emph{{P}olypedates dennysi}},
	Volume = {204},
	Year = {2001},
	Bdsk-File-1 = {YnBsaXN0MDDUAQIDBAUIJidUJHRvcFgkb2JqZWN0c1gkdmVyc2lvblkkYXJjaGl2ZXLRBgdUcm9vdIABqAkKFRYXGyIjVSRudWxs0wsMDQ4RElpOUy5vYmplY3RzViRjbGFzc1dOUy5rZXlzog8QgASABoAHohMUgAKAA1lhbGlhc0RhdGFccmVsYXRpdmVQYXRo0hgMGRpXTlMuZGF0YU8RAt4AAAAAAt4AAgAADE1hY2ludG9zaCBIRAAAAAAAAAAAAAAAAAAAAMNhm/VIKwAAE+hduB9BRVJPRFlOQU1JQyBTVEFCSUwjMTNFODg3N0EucGRmAAAAAAAAAAAAAAAAAAAAAAAAAAAAAAAAAAAAAAAAAAAT6Id6yzXG3wAAAAAAAAAAAAEAAwAACSAAAAAAAAAAAAAAAAAAAAADcGRmAAAQAAgAAMNiDHUAAAARAAgAAMs2N18AAAABABwT6F24E+hdsBPoXaAT6FouEyhqnwAL34UAAHlrAAIAf01hY2ludG9zaCBIRDpVc2VyczoAZGVubmlzZXZhbmdlbGlzdGE6AERyb3Bib3g6AHR1cmJ1bGVuY2Utc2Vuc2l0aXZpdHk6AHBhcGVyOgByZWZlcmVuY2VzOgBwZGY6AEFFUk9EWU5BTUlDIFNUQUJJTCMxM0U4ODc3QS5wZGYAAA4ArABVAEEARQBSAE8ARABZAE4AQQBNAEkAQwAgAFMAVABBAEIASQBMAEkAVABZACAAQQBOAEQAIABNAEEATgBFAFUAVgBFAFIAQQBCAEkATABJAFQAWQAgAE8ARgAgAFQASABFACAARwBMAEkARABJAE4ARwAgAEYAUgBPAEcAIABQAE8ATABZAFAARQBEAEEAVABFAFMAIABEAEUATgBOAFkAUwBJAC4AcABkAGYADwAaAAwATQBhAGMAaQBuAHQAbwBzAGgAIABIAEQAEgChVXNlcnMvZGVubmlzZXZhbmdlbGlzdGEvRHJvcGJveC90dXJidWxlbmNlLXNlbnNpdGl2aXR5L3BhcGVyL3JlZmVyZW5jZXMvcGRmL0FFUk9EWU5BTUlDIFNUQUJJTElUWSBBTkQgTUFORVVWRVJBQklMSVRZIE9GIFRIRSBHTElESU5HIEZST0cgUE9MWVBFREFURVMgREVOTllTSS5wZGYAABMAAS8AABUAAgAY//8AAIAF0hwdHh9YJGNsYXNzZXNaJGNsYXNzbmFtZaMfICFdTlNNdXRhYmxlRGF0YVZOU0RhdGFYTlNPYmplY3RfEFlwZGYvQUVST0RZTkFNSUMgU1RBQklMSVRZIEFORCBNQU5FVVZFUkFCSUxJVFkgT0YgVEhFIEdMSURJTkcgRlJPRyBQT0xZUEVEQVRFUyBERU5OWVNJLnBkZtIcHSQloiUhXE5TRGljdGlvbmFyeRIAAYagXxAPTlNLZXllZEFyY2hpdmVyAAgAEQAWAB8AKAAyADUAOgA8AEUASwBSAF0AZABsAG8AcQBzAHUAeAB6AHwAhgCTAJgAoAOCA4QDiQOSA50DoQOvA7YDvwQbBCAEIwQwBDUAAAAAAAACAQAAAAAAAAAoAAAAAAAAAAAAAAAAAAAERw==}}

@article{Denny:1998,
	Author = {Denny, Mark and Gaylord, Brian and Helmuth, Brian and Daniel, Thomas L},
	Date-Added = {2011-09-28 18:15:35 +0000},
	Date-Modified = {2011-09-28 18:18:47 +0000},
	Journal = {Limnol Oceanogr},
	Number = {5},
	Pages = {955--968},
	Title = {The menace of momentum: dynamic forces on flexible organisms},
	Volume = {43},
	Year = {1998},
	Bdsk-File-1 = {YnBsaXN0MDDUAQIDBAUIJidUJHRvcFgkb2JqZWN0c1gkdmVyc2lvblkkYXJjaGl2ZXLRBgdUcm9vdIABqAkKFRYXGyIjVSRudWxs0wsMDQ4RElpOUy5vYmplY3RzViRjbGFzc1dOUy5rZXlzog8QgASABoAHohMUgAKAA1lhbGlhc0RhdGFccmVsYXRpdmVQYXRo0hgMGRpXTlMuZGF0YU8RAlQAAAAAAlQAAgAADE1hY2ludG9zaCBIRAAAAAAAAAAAAAAAAAAAAMNhm/VIKwAAE+hduB9EeW5hbWljIEZvcmNlcyBvbiAjMTNFODhBREUucGRmAAAAAAAAAAAAAAAAAAAAAAAAAAAAAAAAAAAAAAAAAAAT6IreyzXG3wAAAAAAAAAAAAEAAwAACSAAAAAAAAAAAAAAAAAAAAADcGRmAAAQAAgAAMNiDHUAAAARAAgAAMs2N18AAAABABwT6F24E+hdsBPoXaAT6FouEyhqnwAL34UAAHlrAAIAf01hY2ludG9zaCBIRDpVc2VyczoAZGVubmlzZXZhbmdlbGlzdGE6AERyb3Bib3g6AHR1cmJ1bGVuY2Utc2Vuc2l0aXZpdHk6AHBhcGVyOgByZWZlcmVuY2VzOgBwZGY6AER5bmFtaWMgRm9yY2VzIG9uICMxM0U4OEFERS5wZGYAAA4AUAAnAEQAeQBuAGEAbQBpAGMAIABGAG8AcgBjAGUAcwAgAG8AbgAgAGYAbABlAHgAaQBiAGwAZQAgAG8AcgBnAGEAbgBpAHMAbQAuAHAAZABmAA8AGgAMAE0AYQBjAGkAbgB0AG8AcwBoACAASABEABIAc1VzZXJzL2Rlbm5pc2V2YW5nZWxpc3RhL0Ryb3Bib3gvdHVyYnVsZW5jZS1zZW5zaXRpdml0eS9wYXBlci9yZWZlcmVuY2VzL3BkZi9EeW5hbWljIEZvcmNlcyBvbiBmbGV4aWJsZSBvcmdhbmlzbS5wZGYAABMAAS8AABUAAgAY//8AAIAF0hwdHh9YJGNsYXNzZXNaJGNsYXNzbmFtZaMfICFdTlNNdXRhYmxlRGF0YVZOU0RhdGFYTlNPYmplY3RfECtwZGYvRHluYW1pYyBGb3JjZXMgb24gZmxleGlibGUgb3JnYW5pc20ucGRm0hwdJCWiJSFcTlNEaWN0aW9uYXJ5EgABhqBfEA9OU0tleWVkQXJjaGl2ZXIACAARABYAHwAoADIANQA6ADwARQBLAFIAXQBkAGwAbwBxAHMAdQB4AHoAfACGAJMAmACgAvgC+gL/AwgDEwMXAyUDLAM1A2MDaANrA3gDfQAAAAAAAAIBAAAAAAAAACgAAAAAAAAAAAAAAAAAAAOP}}

@article{Fox:2010,
	Abstract = {The halteres of dipteran insects are essential sensory organs for flight control. They are believed to detect Coriolis and other inertial forces associated with body rotation during flight. Flies use this information for rapid flight control. We show that the primary afferent neurons of the haltere's mechanoreceptors respond selectively with high temporal precision to multiple stimulus features. Although we are able to identify many stimulus features contributing to the response using principal component analysis, predictive models using only two features, common across the cell population, capture most of the cells' encoding activity. However, different sensitivity to these two features permits each cell to respond to sinusoidal stimuli with a different preferred phase. This feature similarity, combined with diverse phase encoding, allows the haltere to transmit information at a high rate about numerous inertial forces, including Coriolis forces.},
	Author = {Fox, Jessica L and Fairhall, Adrienne L and Daniel, Thomas L},
	Date-Added = {2011-09-28 18:15:35 +0000},
	Date-Modified = {2011-09-28 18:15:35 +0000},
	Doi = {10.1073/pnas.0912548107},
	Journal = {Proc Natl Acad Sci U S A},
	Journal-Full = {Proceedings of the National Academy of Sciences of the United States of America},
	Mesh = {Animals; Coriolis Force; Diptera; Female; Flight, Animal; Neurons, Afferent; Sense Organs},
	Month = {Feb},
	Number = {8},
	Pages = {3840-5},
	Pmc = {PMC2840414},
	Pmid = {20133721},
	Pst = {ppublish},
	Title = {Encoding properties of haltere neurons enable motion feature detection in a biological gyroscope},
	Volume = {107},
	Year = {2010},
	Bdsk-File-1 = {YnBsaXN0MDDUAQIDBAUIJidUJHRvcFgkb2JqZWN0c1gkdmVyc2lvblkkYXJjaGl2ZXLRBgdUcm9vdIABqAkKFRYXGyIjVSRudWxs0wsMDQ4RElpOUy5vYmplY3RzViRjbGFzc1dOUy5rZXlzog8QgASABoAHohMUgAKAA1lhbGlhc0RhdGFccmVsYXRpdmVQYXRo0hgMGRpXTlMuZGF0YU8RAoYAAAAAAoYAAgAADE1hY2ludG9zaCBIRAAAAAAAAAAAAAAAAAAAAMNhm/VIKwAAE+hduB9FbmNvZGluZyBwcm9wZXJ0aWUjMTNFODhBRTgucGRmAAAAAAAAAAAAAAAAAAAAAAAAAAAAAAAAAAAAAAAAAAAT6IroyzXG3wAAAAAAAAAAAAEAAwAACSAAAAAAAAAAAAAAAAAAAAADcGRmAAAQAAgAAMNiDHUAAAARAAgAAMs2N18AAAABABwT6F24E+hdsBPoXaAT6FouEyhqnwAL34UAAHlrAAIAf01hY2ludG9zaCBIRDpVc2VyczoAZGVubmlzZXZhbmdlbGlzdGE6AERyb3Bib3g6AHR1cmJ1bGVuY2Utc2Vuc2l0aXZpdHk6AHBhcGVyOgByZWZlcmVuY2VzOgBwZGY6AEVuY29kaW5nIHByb3BlcnRpZSMxM0U4OEFFOC5wZGYAAA4AcgA4AEUAbgBjAG8AZABpAG4AZwAgAHAAcgBvAHAAZQByAHQAaQBlAHMAIABvAGYAIABoAGEAbAB0AGUAcgBlACAAbgBlAHUAcgBvAG4AcwAgAGUAbgBhAGIAbABlACAAbQBvAHQAaQBvAG4ALgBwAGQAZgAPABoADABNAGEAYwBpAG4AdABvAHMAaAAgAEgARAASAIRVc2Vycy9kZW5uaXNldmFuZ2VsaXN0YS9Ecm9wYm94L3R1cmJ1bGVuY2Utc2Vuc2l0aXZpdHkvcGFwZXIvcmVmZXJlbmNlcy9wZGYvRW5jb2RpbmcgcHJvcGVydGllcyBvZiBoYWx0ZXJlIG5ldXJvbnMgZW5hYmxlIG1vdGlvbi5wZGYAEwABLwAAFQACABj//wAAgAXSHB0eH1gkY2xhc3Nlc1okY2xhc3NuYW1lox8gIV1OU011dGFibGVEYXRhVk5TRGF0YVhOU09iamVjdF8QPHBkZi9FbmNvZGluZyBwcm9wZXJ0aWVzIG9mIGhhbHRlcmUgbmV1cm9ucyBlbmFibGUgbW90aW9uLnBkZtIcHSQloiUhXE5TRGljdGlvbmFyeRIAAYagXxAPTlNLZXllZEFyY2hpdmVyAAgAEQAWAB8AKAAyADUAOgA8AEUASwBSAF0AZABsAG8AcQBzAHUAeAB6AHwAhgCTAJgAoAMqAywDMQM6A0UDSQNXA14DZwOmA6sDrgO7A8AAAAAAAAACAQAAAAAAAAAoAAAAAAAAAAAAAAAAAAAD0g==}}

@article{Marmarelis:1993,
	Author = {Marmarelis, Vasilis Z.},
	Date-Added = {2011-09-28 18:15:35 +0000},
	Date-Modified = {2011-09-28 18:19:34 +0000},
	Journal = {Annals of Biomedical Engineering},
	Pages = {573--589},
	Title = {Identification of nonlinear biological systems using {L}aguerre expansions of kernels},
	Volume = {21},
	Year = {1993},
	Bdsk-File-1 = {YnBsaXN0MDDUAQIDBAUIJidUJHRvcFgkb2JqZWN0c1gkdmVyc2lvblkkYXJjaGl2ZXLRBgdUcm9vdIABqAkKFRYXGyIjVSRudWxs0wsMDQ4RElpOUy5vYmplY3RzViRjbGFzc1dOUy5rZXlzog8QgASABoAHohMUgAKAA1lhbGlhc0RhdGFccmVsYXRpdmVQYXRo0hgMGRpXTlMuZGF0YU8RAuQAAAAAAuQAAgAADE1hY2ludG9zaCBIRAAAAAAAAAAAAAAAAAAAAMNhm/VIKwAAE+hduB9JZGVudGlmaWNhdGlvbiBvZiAjMTNFODhBODIucGRmAAAAAAAAAAAAAAAAAAAAAAAAAAAAAAAAAAAAAAAAAAAT6IqCyzXG3wAAAAAAAAAAAAEAAwAACSAAAAAAAAAAAAAAAAAAAAADcGRmAAAQAAgAAMNiDHUAAAARAAgAAMs2N18AAAABABwT6F24E+hdsBPoXaAT6FouEyhqnwAL34UAAHlrAAIAf01hY2ludG9zaCBIRDpVc2VyczoAZGVubmlzZXZhbmdlbGlzdGE6AERyb3Bib3g6AHR1cmJ1bGVuY2Utc2Vuc2l0aXZpdHk6AHBhcGVyOgByZWZlcmVuY2VzOgBwZGY6AElkZW50aWZpY2F0aW9uIG9mICMxM0U4OEE4Mi5wZGYAAA4AsABXAEkAZABlAG4AdABpAGYAaQBjAGEAdABpAG8AbgAgAG8AZgAgAE4AbwBuAGwAaQBuAGUAYQByACAAQgBpAG8AbABvAGcAaQBjAGEAbAAgAFMAeQBzAHQAZQBtAHMAIAB1AHMAaQBuAGcAIABMAGEAZwB1AGUAcgByAGUAIABFAHgAcABhAG4AcwBpAG8AbgBzACAAbwBmACAASwBlAHIAbgBlAGwAcwAuAHAAZABmAA8AGgAMAE0AYQBjAGkAbgB0AG8AcwBoACAASABEABIAo1VzZXJzL2Rlbm5pc2V2YW5nZWxpc3RhL0Ryb3Bib3gvdHVyYnVsZW5jZS1zZW5zaXRpdml0eS9wYXBlci9yZWZlcmVuY2VzL3BkZi9JZGVudGlmaWNhdGlvbiBvZiBOb25saW5lYXIgQmlvbG9naWNhbCBTeXN0ZW1zIHVzaW5nIExhZ3VlcnJlIEV4cGFuc2lvbnMgb2YgS2VybmVscy5wZGYAABMAAS8AABUAAgAY//8AAIAF0hwdHh9YJGNsYXNzZXNaJGNsYXNzbmFtZaMfICFdTlNNdXRhYmxlRGF0YVZOU0RhdGFYTlNPYmplY3RfEFtwZGYvSWRlbnRpZmljYXRpb24gb2YgTm9ubGluZWFyIEJpb2xvZ2ljYWwgU3lzdGVtcyB1c2luZyBMYWd1ZXJyZSBFeHBhbnNpb25zIG9mIEtlcm5lbHMucGRm0hwdJCWiJSFcTlNEaWN0aW9uYXJ5EgABhqBfEA9OU0tleWVkQXJjaGl2ZXIACAARABYAHwAoADIANQA6ADwARQBLAFIAXQBkAGwAbwBxAHMAdQB4AHoAfACGAJMAmACgA4gDigOPA5gDowOnA7UDvAPFBCMEKAQrBDgEPQAAAAAAAAIBAAAAAAAAACgAAAAAAAAAAAAAAAAAAARP}}

@article{Paig-Tran:2011,
	Author = {Paig-Tran, E W Misty and Bizzarro, Joseph J and Strother, James A and Summers, Adam P},
	Date-Added = {2011-09-28 18:15:35 +0000},
	Date-Modified = {2012-07-09 19:21:00 +0000},
	Journal = {J Exp Biol},
	Month = {May},
	Pages = {1643-54},
	Title = {Bottles as models: predicting the effects of varying swimming speed and morphology on size selectivity and filtering efficiency in fishes},
	Volume = {214},
	Year = {2011},
	Bdsk-File-1 = {YnBsaXN0MDDUAQIDBAUIJidUJHRvcFgkb2JqZWN0c1gkdmVyc2lvblkkYXJjaGl2ZXLRBgdUcm9vdIABqAkKFRYXGyIjVSRudWxs0wsMDQ4RElpOUy5vYmplY3RzViRjbGFzc1dOUy5rZXlzog8QgASABoAHohMUgAKAA1lhbGlhc0RhdGFccmVsYXRpdmVQYXRo0hgMGRpXTlMuZGF0YU8RAqgAAAAAAqgAAgAADE1hY2ludG9zaCBIRAAAAAAAAAAAAAAAAAAAAMNhm/VIKwAAE+hduB9QcmVkaWN0aW5nIHRoZSBlZmYjMTNFODhBODAucGRmAAAAAAAAAAAAAAAAAAAAAAAAAAAAAAAAAAAAAAAAAAAT6IqAyzXG3wAAAAAAAAAAAAEAAwAACSAAAAAAAAAAAAAAAAAAAAADcGRmAAAQAAgAAMNiDHUAAAARAAgAAMs2N18AAAABABwT6F24E+hdsBPoXaAT6FouEyhqnwAL34UAAHlrAAIAf01hY2ludG9zaCBIRDpVc2VyczoAZGVubmlzZXZhbmdlbGlzdGE6AERyb3Bib3g6AHR1cmJ1bGVuY2Utc2Vuc2l0aXZpdHk6AHBhcGVyOgByZWZlcmVuY2VzOgBwZGY6AFByZWRpY3RpbmcgdGhlIGVmZiMxM0U4OEE4MC5wZGYAAA4AiABDAFAAcgBlAGQAaQBjAHQAaQBuAGcAIAB0AGgAZQAgAGUAZgBmAGUAYwB0AHMAIABvAGYAIAB2AGEAcgB5AGkAbgBnACAAcwB3AGkAbQBtAGkAbgBnACAAcwBwAGUAZQBkACAAYQBuAGQAIABtAG8AcgBwAGgAbwBsAG8AZwB5AC4AcABkAGYADwAaAAwATQBhAGMAaQBuAHQAbwBzAGgAIABIAEQAEgCPVXNlcnMvZGVubmlzZXZhbmdlbGlzdGEvRHJvcGJveC90dXJidWxlbmNlLXNlbnNpdGl2aXR5L3BhcGVyL3JlZmVyZW5jZXMvcGRmL1ByZWRpY3RpbmcgdGhlIGVmZmVjdHMgb2YgdmFyeWluZyBzd2ltbWluZyBzcGVlZCBhbmQgbW9ycGhvbG9neS5wZGYAABMAAS8AABUAAgAY//8AAIAF0hwdHh9YJGNsYXNzZXNaJGNsYXNzbmFtZaMfICFdTlNNdXRhYmxlRGF0YVZOU0RhdGFYTlNPYmplY3RfEEdwZGYvUHJlZGljdGluZyB0aGUgZWZmZWN0cyBvZiB2YXJ5aW5nIHN3aW1taW5nIHNwZWVkIGFuZCBtb3JwaG9sb2d5LnBkZtIcHSQloiUhXE5TRGljdGlvbmFyeRIAAYagXxAPTlNLZXllZEFyY2hpdmVyAAgAEQAWAB8AKAAyADUAOgA8AEUASwBSAF0AZABsAG8AcQBzAHUAeAB6AHwAhgCTAJgAoANMA04DUwNcA2cDawN5A4ADiQPTA9gD2wPoA+0AAAAAAAACAQAAAAAAAAAoAAAAAAAAAAAAAAAAAAAD/w==}}

@article{McCay:2003,
	Author = {McCay, Michael Glenn},
	Date-Added = {2011-09-28 18:15:35 +0000},
	Date-Modified = {2011-09-28 18:20:13 +0000},
	Journal = {Biotropica},
	Number = {1},
	Pages = {94--102},
	Title = {Winds under the rain forest canopy: the aerodynamic environment of gliding tree frogs},
	Volume = {35},
	Year = {2003},
	Bdsk-File-1 = {YnBsaXN0MDDUAQIDBAUIJidUJHRvcFgkb2JqZWN0c1gkdmVyc2lvblkkYXJjaGl2ZXLRBgdUcm9vdIABqAkKFRYXGyIjVSRudWxs0wsMDQ4RElpOUy5vYmplY3RzViRjbGFzc1dOUy5rZXlzog8QgASABoAHohMUgAKAA1lhbGlhc0RhdGFccmVsYXRpdmVQYXRo0hgMGRpXTlMuZGF0YU8RAuYAAAAAAuYAAgAADE1hY2ludG9zaCBIRAAAAAAAAAAAAAAAAAAAAMNhm/VIKwAAE+hduB9XaW5kcyB1bmRlciB0aGUgUmEjMTNFODg5MEUucGRmAAAAAAAAAAAAAAAAAAAAAAAAAAAAAAAAAAAAAAAAAAAT6IkOyzXG3wAAAAAAAAAAAAEAAwAACSAAAAAAAAAAAAAAAAAAAAADcGRmAAAQAAgAAMNiDHUAAAARAAgAAMs2N18AAAABABwT6F24E+hdsBPoXaAT6FouEyhqnwAL34UAAHlrAAIAf01hY2ludG9zaCBIRDpVc2VyczoAZGVubmlzZXZhbmdlbGlzdGE6AERyb3Bib3g6AHR1cmJ1bGVuY2Utc2Vuc2l0aXZpdHk6AHBhcGVyOgByZWZlcmVuY2VzOgBwZGY6AFdpbmRzIHVuZGVyIHRoZSBSYSMxM0U4ODkwRS5wZGYAAA4AsgBYAFcAaQBuAGQAcwAgAHUAbgBkAGUAcgAgAHQAaABlACAAUgBhAGkAbgAgAEYAbwByAGUAcwB0ACAAYwBhAG4AbwBwAHkAXwAgAHQAaABlACAAYQBlAHIAbwBkAHkAbgBhAG0AaQBjACAAZQBuAHYAaQByAG8AbQBlAG4AdAAgAG8AZgAgAGcAbABpAGQAaQBuAGcAIAB0AHIAZQBlACAAZgByAG8AZwBzAC4AcABkAGYADwAaAAwATQBhAGMAaQBuAHQAbwBzAGgAIABIAEQAEgCkVXNlcnMvZGVubmlzZXZhbmdlbGlzdGEvRHJvcGJveC90dXJidWxlbmNlLXNlbnNpdGl2aXR5L3BhcGVyL3JlZmVyZW5jZXMvcGRmL1dpbmRzIHVuZGVyIHRoZSBSYWluIEZvcmVzdCBjYW5vcHlfIHRoZSBhZXJvZHluYW1pYyBlbnZpcm9tZW50IG9mIGdsaWRpbmcgdHJlZSBmcm9ncy5wZGYAEwABLwAAFQACABj//wAAgAXSHB0eH1gkY2xhc3Nlc1okY2xhc3NuYW1lox8gIV1OU011dGFibGVEYXRhVk5TRGF0YVhOU09iamVjdF8QXHBkZi9XaW5kcyB1bmRlciB0aGUgUmFpbiBGb3Jlc3QgY2Fub3B5XyB0aGUgYWVyb2R5bmFtaWMgZW52aXJvbWVudCBvZiBnbGlkaW5nIHRyZWUgZnJvZ3MucGRm0hwdJCWiJSFcTlNEaWN0aW9uYXJ5EgABhqBfEA9OU0tleWVkQXJjaGl2ZXIACAARABYAHwAoADIANQA6ADwARQBLAFIAXQBkAGwAbwBxAHMAdQB4AHoAfACGAJMAmACgA4oDjAORA5oDpQOpA7cDvgPHBCYEKwQuBDsEQAAAAAAAAAIBAAAAAAAAACgAAAAAAAAAAAAAAAAAAARS}}

@article{Feitl:2010,
	Author = {Feitl, K E and Ngo, V and Mc{H}enry, M J},
	Date-Modified = {2012-07-09 19:19:04 +0000},
	Journal = {Journal of Experimental Biology},
	Month = sep,
	Number = {18},
	Pages = {3131--3137},
	Title = {{Are fish less responsive to a flow stimulus when swimming?}},
	Volume = {213},
	Year = {2010}}

@article{Tritico:2010,
	Author = {Tritico, H M and Cotel, A J},
	Date-Modified = {2012-07-09 19:19:44 +0000},
	Journal = {Journal of Experimental Biology},
	Month = jul,
	Pages = {2284--2293},
	Title = {The effects of turbulent eddies on the stability and critical swimming speed of creek chub (\emph{{S}emotilus atromaculatus})},
	Volume = {213},
	Year = {2010}}

@article{Webb:2010,
	Author = {Webb, P W and Cotel, A J},
	Date-Modified = {2011-09-12 03:14:24 +0000},
	Journal = {Integrative And Comparative Biology},
	Month = apr,
	Pages = {1--12},
	Title = {{Turbulence: Does Vorticity Affect the Structure and Shape of Body and Fin Propulsors?}},
	Year = {2010}}

@article{Reynolds:2010,
	Author = {Reynolds, Andy M and Reynolds, Don R and Smith, Alan D and Chapman, Jason W},
	Date-Modified = {2011-09-12 03:14:02 +0000},
	Journal = {Proceedings Of The Royal Society Of London Series B-Biological Sciences},
	Month = mar,
	Number = {1682},
	Pages = {765--772},
	Title = {{A single wind-mediated mechanism explains high-altitude 'non-goal oriented' headings and layering of nocturnally migrating insects}},
	Volume = {277},
	Year = {2010}}

@article{Pavlov:2009,
	Author = {Pavlov, D S and Skorobogatov, M A},
	Date-Modified = {2011-09-12 03:13:56 +0000},
	Journal = {Doklady Biological Sciences},
	Month = oct,
	Number = {1},
	Pages = {464--466},
	Title = {{Effect of the flow turbulence on the movement pattern of the caudal fin in fish}},
	Volume = {428},
	Year = {2009}}

@article{Lupandin:2005,
	Author = {Lupandin, AI},
	Date-Modified = {2011-09-12 03:13:44 +0000},
	Journal = {The Biological Bulletin},
	Number = {5},
	Pages = {461--466},
	Title = {{Effect of flow turbulence on swimming speed of fish}},
	Volume = {32},
	Year = {2005}}

@article{Maxey:1983,
	Author = {Maxey, MR and Riley, JJ},
	Date-Modified = {2011-09-12 03:13:51 +0000},
	Journal = {Physics of Fluids},
	Pages = {883},
	Title = {{Equation of motion for a small rigid sphere in a nonuniform flow}},
	Volume = {26},
	Year = {1983}}

@article{Trevelyan:1951,
	Author = {Trevelyan, BJ and Mason, SG},
	Date-Modified = {2011-09-12 03:14:07 +0000},
	Journal = {Journal of Colloid Science},
	Number = {4},
	Pages = {354--367},
	Title = {{Particle motions in sheared suspensions. I. Rotations}},
	Volume = {6},
	Year = {1951}}
